@online{ibmWeb3,
  author       = {IBM},
  title        = {¿Tecnología Blockchain?},
  howpublished = {\url{https://www.ibm.com/es-es/topics/blockchain}},
  note         = {[Online; accedido a 30/April/2023]}
}

@online{moralisWallets,
  author       = {Moralis},
  title        = {What is a Web3 Wallet? – Web3 Wallets Explained},
  howpublished = {\url{https://moralis.io/what-is-a-web3-wallet-web3-wallets-explained/?ref=morioh.com&utm_source=morioh.com}},
  note         = {[Online; accedido a 01/May/2023]},
  urlaccess    = {10/01/2022},
  year         = {2022},
  month        = {January},
  day          = {10}
}

@online{bbcNFTs,
  author       = {BBC News Mundo},
  title        = {Qué son los NFT y por qué están valorados en millones de dólares},
  howpublished = {\url{https://www.bbc.com/mundo/noticias-56502251}},
  note         = {[Online; accedido a 01/May/2023]},
  urlaccess    = {24/03/2021},
  year         = {2021},
  month        = {March},
  day          = {24}
}

@online{bootcampFramework,
  author       = {Open Bootcamp},
  title        = {¿Qué es un Framework y qué tipos hay?},
  howpublished = {\url{https://open-bootcamp.com/aprender-programar/que-es-un-framework}},
  note         = {[Online; accedido a 01/May/2023]}
}

@online{cernWeb1,
  author       = {CERN},
  title        = {A short history of the Web},
  howpublished = {\url{https://home.cern/science/computing/birth-web/short-history-web}},
  note         = {[Online; accedido a 02/May/2023]}
}


@online{web2Explained,
  author       = {Heather Hall},
  title        = {Web 2.0 Explained: Everything You Need To Know},
  howpublished = {\url{https://history-computer.com/web-2-0/}},
  note         = {[Online; accedido a 02/May/2023]},
  urlaccess    = {30/November/2022},
  year         = {2022},
  month        = {November},
  day          = {30}
}

@online{IEEEweb3Explained,
  author       = {Sean Yang and Max Li},
  title        = {Web3.0 Data Infrastructure: Challenges and Opportunities},
  howpublished = {\url{https://ieeexplore.ieee.org/document/10110018}},
  note         = {[Online; accedido a 02/May/2023]},
  urlaccess    = {27/April/2023},
  year         = {2023},
  month        = {April},
  day          = {27}
}

@online{xatakaNFT,
  author       = {Yúbal Fernández},
  title        = {Que son los NFT y cómo funcionan},
  howpublished = {\url{https://www.xataka.com/basics/que-nft-como-funcionan}},
  note         = {[Online; accedido a 02/May/2023]},
  urlaccess    = {08/July/2022},
  year         = {2022},
  month        = {July},
  day          = {08}
}

@online{aplicaciones-descentralizadas,
  author       = {Nelson Rodriguez},
  title        = {35+ Ejemplos De Web 3.0 Y Como Blockchain Está Cambiando La Web},
  howpublished = {\url{https://101blockchains.com/es/web-3-0/}},
  note         = {[Online; accedido a 12/05/2023]},
  urlaccess    = {03/12/2018},
  year         = {2018},
  month        = {12},
  day          = {03}
}

@online{p2p,
  author       = {Truust},
  title        = {Peer to peer (P2P): Qué es y qué ventajas tiene},
  howpublished = {\url{https://truust.io/es/blog/peer-peer-p2p-que-es-y-que-ventajas-tiene/}},
  note         = {[Online; accedido a 12/05/2023]}
}
@online{alchemy,
  author       = {Blogdecentralab},
  title        = {Qué es Alchemy},
  howpublished = {\url{https://decentralab.tech/blog/que-es-alchemy/}},
  note         = {[Online; accedido a 13/05/2023]},
  urlaccess    = {14/03/2023},
  year         = {2023},
  month        = {03},
  day          = {14}
}

@online{moralis,
  author       = {jovid},
  title        = {Autenticación Web3 con Next.js, React y Moralis},
  howpublished = {\url{https://www.jovid.win/autenticacion-web3-con-next-js-react-y-moralis/#:~:text=%C2%BFQu%C3%A9%20es%20Moralis%3F%20Si%20eres%20nuevo%20en%20Web3,trabajo%20%C3%BAnico%20para%20desarrollar%20dApps%20de%20alto%20rendimiento.}},
  note         = {[Online; accedido a 13/05/2023]},
  urlaccess    = {09/06/2022},
  year         = {2022},
  month        = {06},
  day          = {09}
}

@online{lighthouse-resume,
  author       = {developers.google.com/web},
  title        = {Lighthouse},
  howpublished = {\url{https://chrome.google.com/webstore/detail/lighthouse/blipmdconlkpinefehnmjammfjpmpbjk?hl=es}},
  note         = {[Online; accedido a 13/05/2023]}
}

@online{sonarqube-resume,
  author       = {SonarQube},
  title        = {SonarQube Documentation},
  howpublished = {\url{https://docs.sonarqube.org/latest/}},
  note         = {[Online; accedido a 13/05/2023]}
}

@online{code-smell,
  author       = {Desarrollo web},
  title        = {Code smell},
  howpublished = {\url{https://www.ionos.es/digitalguide/paginas-web/desarrollo-web/code-smell/}},
  note         = {[Online; accedido a 13/05/2023]},
  urlaccess    = {21/11/2022},
  year         = {2022},
  month        = {11},
  day          = {21}
}

@online{deuda-tecnica,
  author       = {Team Asana},
  title        = {Qué es la deuda técnica y cómo saldarla (con ejemplos)},
  howpublished = {\url{https://asana.com/es/resources/technical-debt}},
  note         = {[Online; accedido a 13/05/2023]},
  urlaccess    = {10/07/2022},
  year         = {2022},
  month        = {07},
  day          = {10}
}

@online{,
  author       = {},
  title        = {},
  howpublished = {\url{}},
  note         = {[Online; accedido a 2/05/2023]},
  urlaccess    = {//},
  year         = {},
  month        = {},
  day          = {}
}
@online{,
  author       = {},
  title        = {},
  howpublished = {\url{}},
  note         = {[Online; accedido a 2/05/2023]},
  urlaccess    = {//},
  year         = {},
  month        = {},
  day          = {}
}

@online{,
  author       = {},
  title        = {},
  howpublished = {\url{}},
  note         = {[Online; accedido a 2/05/2023]},
  urlaccess    = {//},
  year         = {},
  month        = {},
  day          = {}
}

@online{,
  author       = {},
  title        = {},
  howpublished = {\url{}},
  note         = {[Online; accedido a 2/05/2023]},
  urlaccess    = {//},
  year         = {},
  month        = {},
  day          = {}
}

@online{,
  author       = {},
  title        = {},
  howpublished = {\url{}},
  note         = {[Online; accedido a 2/05/2023]},
  urlaccess    = {//},
  year         = {},
  month        = {},
  day          = {}
}