@Article{Castrillon11-mva,
  Title                    = {A comparison of face and facial feature detectors based on the ViolaJones general object detection framework},
  Author                   = {Modesto Castrill\'on and Oscar D\'eniz and Daniel Hern\'andez and Javier Lorenzo},
  Journal                  = {Machine Vision and Applications},
  Year                     = {2011},
  Number                   = {3},
  Pages                    = {481-494},
  Volume                   = {22},

  Owner                    = {Modesto},
  Timestamp                = {2010.05.24}
}